@misc{kingma2013autoencoding,
    title={Auto-Encoding Variational Bayes},
    author={Diederik P Kingma and Max Welling},
    year={2013},
    eprint={1312.6114},
    archivePrefix={arXiv},
    primaryClass={stat.ML}
},

@misc{kingma2014adam,
    title={Adam: A Method for Stochastic Optimization},
    author={Diederik P. Kingma and Jimmy Ba},
    year={2014},
    eprint={1412.6980},
    archivePrefix={arXiv},
    primaryClass={cs.LG}
}

@misc{nash_eq,
	title = {Nash Equilibrium},
  	howpublished = {\url{http://www.columbia.edu/~rs328/NashEquilibrium.pdf}},
  	author = {R. Sethi},
  	note = {Zadnji pristup: 21. lipnja 2020.}
},

@article{nash1950equilibrium,
  title={Equilibrium points in n-person games},
  author={Nash, John F and others},
  journal={Proceedings of the national academy of sciences},
  volume={36},
  number={1},
  pages={48--49},
  year={1950},
  publisher={USA}
},

@misc{heusel2017gans,
    title={GANs Trained by a Two Time-Scale Update Rule Converge to a Local Nash Equilibrium},
    author={Martin Heusel and Hubert Ramsauer and Thomas Unterthiner and Bernhard Nessler and Sepp Hochreiter},
    year={2017},
    eprint={1706.08500},
    archivePrefix={arXiv},
    primaryClass={cs.LG}
},

@incollection{orig_paper,
title = {Generative Adversarial Nets},
author = {Goodfellow, Ian and Pouget-Abadie, Jean and Mirza, Mehdi and Xu, Bing and Warde-Farley, David and Ozair, Sherjil and Courville, Aaron and Bengio, Yoshua},
booktitle = {Advances in Neural Information Processing Systems 27},
editor = {Z. Ghahramani and M. Welling and C. Cortes and N. D. Lawrence and K. Q. Weinberger},
pages = {2672--2680},
year = {2014},
publisher = {Curran Associates, Inc.},
url = {http://papers.nips.cc/paper/5423-generative-adversarial-nets.pdf}
},

@misc{salimans2016improved,
    title={Improved Techniques for Training GANs},
    author={Tim Salimans and Ian Goodfellow and Wojciech Zaremba and Vicki Cheung and Alec Radford and Xi Chen},
    year={2016},
    eprint={1606.03498},
    archivePrefix={arXiv},
    primaryClass={cs.LG}
},

@misc{lucic2017gans,
    title={Are GANs Created Equal? A Large-Scale Study},
    author={Mario Lucic and Karol Kurach and Marcin Michalski and Sylvain Gelly and Olivier Bousquet},
    year={2017},
    eprint={1711.10337},
    archivePrefix={arXiv},
    primaryClass={stat.ML}
},

@misc{arjovsky2017wasserstein,
    title={Wasserstein GAN},
    author={Martin Arjovsky and Soumith Chintala and Léon Bottou},
    year={2017},
    eprint={1701.07875},
    archivePrefix={arXiv},
    primaryClass={stat.ML}
},

@misc{lip_cont,
	title = {Lipschitz Continuity},
  	howpublished = {\url{https://users.wpi.edu/~walker/MA500/HANDOUTS/LipschitzContinuity.pdf}},
  	note = {Zadnji pristup: 21. lipnja 2020.}
},

@misc{mao2016squares,
    title={Least Squares Generative Adversarial Networks},
    author={Xudong Mao and Qing Li and Haoran Xie and Raymond Y. K. Lau and Zhen Wang and Stephen Paul Smolley},
    year={2016},
    eprint={1611.04076},
    archivePrefix={arXiv},
    primaryClass={cs.CV}
},

@misc{miyato2018spectral,
    title={Spectral Normalization for Generative Adversarial Networks},
    author={Takeru Miyato and Toshiki Kataoka and Masanori Koyama and Yuichi Yoshida},
    year={2018},
    eprint={1802.05957},
    archivePrefix={arXiv},
    primaryClass={cs.LG}
},

@misc{qi2017losssensitive,
    title={Loss-Sensitive Generative Adversarial Networks on Lipschitz Densities},
    author={Guo-Jun Qi},
    year={2017},
    eprint={1701.06264},
    archivePrefix={arXiv},
    primaryClass={cs.CV}
},

@misc{gulrajani2017improved,
    title={Improved Training of Wasserstein GANs},
    author={Ishaan Gulrajani and Faruk Ahmed and Martin Arjovsky and Vincent Dumoulin and Aaron Courville},
    year={2017},
    eprint={1704.00028},
    archivePrefix={arXiv},
    primaryClass={cs.LG}
},

@misc{ioffe2015batch,
    title={Batch Normalization: Accelerating Deep Network Training by Reducing Internal Covariate Shift},
    author={Sergey Ioffe and Christian Szegedy},
    year={2015},
    eprint={1502.03167},
    archivePrefix={arXiv},
    primaryClass={cs.LG}
},

@misc{ba2016layer,
    title={Layer Normalization},
    author={Jimmy Lei Ba and Jamie Ryan Kiros and Geoffrey E. Hinton},
    year={2016},
    eprint={1607.06450},
    archivePrefix={arXiv},
    primaryClass={stat.ML}
},

@inproceedings{karras2019style,
  title={A style-based generator architecture for generative adversarial networks},
  author={Karras, Tero and Laine, Samuli and Aila, Timo},
  booktitle={Proceedings of the IEEE conference on computer vision and pattern recognition},
  pages={4401--4410},
  year={2019}
},

@book{Goodfellow-et-al-2016,
    title={Deep Learning},
    author={Ian Goodfellow and Yoshua Bengio and Aaron Courville},
    publisher={MIT Press},
    note={\url{http://www.deeplearningbook.org}},
    year={2016}
},

@article{odena2016deconvolution,
  author = {Odena, Augustus and Dumoulin, Vincent and Olah, Chris},
  title = {Deconvolution and Checkerboard Artifacts},
  journal = {Distill},
  year = {2016},
  url = {http://distill.pub/2016/deconv-checkerboard},
  doi = {10.23915/distill.00003}
},

@misc{dumoulin2016adversarially,
    title={Adversarially Learned Inference},
    author={Vincent Dumoulin and Ishmael Belghazi and Ben Poole and Olivier Mastropietro and Alex Lamb and Martin Arjovsky and Aaron Courville},
    year={2016},
    eprint={1606.00704},
    archivePrefix={arXiv},
    primaryClass={stat.ML}
},

@misc{mirza2014conditional,
    title={Conditional Generative Adversarial Nets},
    author={Mehdi Mirza and Simon Osindero},
    year={2014},
    eprint={1411.1784},
    archivePrefix={arXiv},
    primaryClass={cs.LG}
},

@misc{radford2015unsupervised,
    title={Unsupervised Representation Learning with Deep Convolutional Generative Adversarial Networks},
    author={Alec Radford and Luke Metz and Soumith Chintala},
    year={2015},
    eprint={1511.06434},
    archivePrefix={arXiv},
    primaryClass={cs.LG}
},

@misc{karras2017progressive,
    title={Progressive Growing of GANs for Improved Quality, Stability, and Variation},
    author={Tero Karras and Timo Aila and Samuli Laine and Jaakko Lehtinen},
    year={2017},
    eprint={1710.10196},
    archivePrefix={arXiv},
    primaryClass={cs.NE}
},

@misc{kurach2018largescale,
    title={A Large-Scale Study on Regularization and Normalization in GANs},
    author={Karol Kurach and Mario Lucic and Xiaohua Zhai and Marcin Michalski and Sylvain Gelly},
    year={2018},
    eprint={1807.04720},
    archivePrefix={arXiv},
    primaryClass={cs.LG}
},

@misc{zhu2017unpaired,
    title={Unpaired Image-to-Image Translation using Cycle-Consistent Adversarial Networks},
    author={Jun-Yan Zhu and Taesung Park and Phillip Isola and Alexei A. Efros},
    year={2017},
    eprint={1703.10593},
    archivePrefix={arXiv},
    primaryClass={cs.CV}
},

@misc{cupic2019nadpred,
  Author = {Čupić, Marko},
  Institution = {FER},
  Howpublished = {Predavanje, dostupno na: \url{http://www.zemris.fer.hr/~ssegvic/du/du3optimization.pdf}},
  Year = {2019},
  Title = {Duboko učenje: Optimizacija parametara modela},
  slides = {97 -- 99},
  note = {Zadnji pristup: 22. lipnja 2020.}
},

@manual{progressive_gan_git,
      title  = "Progressive Growing of GANs for Improved Quality, Stability, and Variation - Git Repository",
      author = "Tero Karras and Timo Aila and Samuli Laine and Jaakko Lehtinen",
      howpublished = "\url{https://github.com/tkarras/progressive_growing_of_gans}",
      note = {Zadnji pristup: 22. lipnja 2020.}
},

@InProceedings{he2015init,
author = {He, Kaiming and Zhang, Xiangyu and Ren, Shaoqing and Sun, Jian},
title = {Delving Deep into Rectifiers: Surpassing Human-Level Performance on ImageNet Classification},
booktitle = {The IEEE International Conference on Computer Vision (ICCV)},
month = {December},
year = {2015}
},

@misc{tensorflow2015-whitepaper,
title={ {TensorFlow}: Large-Scale Machine Learning on Heterogeneous Systems},
url={https://www.tensorflow.org/},
note={Software available from tensorflow.org},
author={
    Mart\'{\i}n~Abadi and
    Ashish~Agarwal and
    Paul~Barham and
    Eugene~Brevdo and
    Zhifeng~Chen and
    Craig~Citro and
    Greg~S.~Corrado and
    Andy~Davis and
    Jeffrey~Dean and
    Matthieu~Devin and
    Sanjay~Ghemawat and
    Ian~Goodfellow and
    Andrew~Harp and
    Geoffrey~Irving and
    Michael~Isard and
    Yangqing Jia and
    Rafal~Jozefowicz and
    Lukasz~Kaiser and
    Manjunath~Kudlur and
    Josh~Levenberg and
    Dandelion~Man\'{e} and
    Rajat~Monga and
    Sherry~Moore and
    Derek~Murray and
    Chris~Olah and
    Mike~Schuster and
    Jonathon~Shlens and
    Benoit~Steiner and
    Ilya~Sutskever and
    Kunal~Talwar and
    Paul~Tucker and
    Vincent~Vanhoucke and
    Vijay~Vasudevan and
    Fernanda~Vi\'{e}gas and
    Oriol~Vinyals and
    Pete~Warden and
    Martin~Wattenberg and
    Martin~Wicke and
    Yuan~Yu and
    Xiaoqiang~Zheng},
  year={2015},
},	

@misc{chollet2015keras,
  title={Keras},
  author={Chollet, Fran\c{c}ois and others},
  year={2015},
  howpublished={\url{https://keras.io}},
},

@inproceedings{liu2015faceattributes,
 title = {Deep Learning Face Attributes in the Wild},
 author = {Liu, Ziwei and Luo, Ping and Wang, Xiaogang and Tang, Xiaoou},
 booktitle = {Proceedings of International Conference on Computer Vision (ICCV)},
 month = {December},
 year = {2015} 
}